@book{mccawley1968,
  title={The phonological component of a grammar of Japanese},
  author={McCawley, James D},
  number={2},
  year={1968},
  publisher={Mouton}
}

@book{kanjilookandlearn,
  title={Kanji look and learn: 512 kanji with illustrations and mnemonic hints},
  author={Banno, Eri},
  year={2010},
  publisher={Japan Times Limited}
}

@book{henshall1988guide,
  title={A guide to remembering Japanese characters},
  author={Henshall, Kenneth G},
  year={1988},
  publisher={Tuttle Publishing}
}

@misc{jishoorg,
    author = {Kim Ahlström},
    title = {Jisho.org},
    year = {2016},
    url = {http://jisho.org},
    urlaccessdate = {2016-11-01}
}

@misc{wanikani,
    author = {Tofugu},
    title = {Wani-Kani},
    year = {2016},
    url = {http://www.wanikani.com},
    urlaccessdate = {2016-11-01}
}

@misc{monash,
    author = {Alexandre Girardi},
    title = {Alexandre Girardi's word frequency list},
    year = {1998},
    url = {http://ftp.monash.edu.au/pub/nihongo/00INDEX.html},
    urlaccessdate = {2016-11-03}
}

@misc{christopher2007tool,
    author = {Christopher Brochtrup},
    title = {Japanese Text Analysis Tool},
    year = {2012},
    url = {https://sourceforge.net/projects/japanesetextana/},
    urlaccessdate = {2016-11-03}
}

@misc{christopher2007wordfreq,
    author = {Christopher Brochtrup},
    title = {Word Frequency Analysis for Innocent Novels},
    year = {2012},
    url = {http://forum.koohii.com/post-167827.html},
    urlaccessdate = {2016-11-03}
}


@misc{wikitionary2015wordfreq,
    author = {Wikitionary},
    title = {Frequency List from 2015 Wikipedia Dump},
    year = {2015},
    url = {https://en.wiktionary.org/wiki/Wiktionary:Frequency_lists/Japanese2015_10000},
    urlaccessdate = {2016-11-03}
}

@article{baturay2009effects,
  title={Effects of web-based spaced repetition on vocabulary retention of foreign language learners},
  author={Baturay, Meltem and Y{\i}ld{\i}r{\i}m, Soner and Dalo{\u{g}}lu, Ayseg{\"u}l},
  journal={Eurasian Journal of Educational Research (EJER)},
  volume={8},
  number={34},
  pages={17--36},
  year={2009}
}

@article{kudo2005mecab,
  title={Mecab: Yet another part-of-speech and morphological analyzer},
  author={Kudo, Taku},
  journal={http://mecab. sourceforge. net/},
  year={2005}
}

@article{breen2000japanese,
  title={A www Japanese dictionary},
  author={Breen, Jim},
  journal={Japanese Studies},
  volume={20},
  number={3},
  pages={313--317},
  year={2000},
  publisher={Taylor \& Francis}
}

@article{zipf1935psycho,
  title={The psycho-biology of language.},
  author={Zipf, George Kingsley},
  year={1935},
  publisher={Houghton, Mifflin}
}

@article{mandelbrot1962paretian,
  title={Paretian distributions and income maximization},
  author={Mandelbrot, Benoit},
  journal={The Quarterly Journal of Economics},
  pages={57--85},
  year={1962},
  publisher={JSTOR}
}

@article{piantadosi2014zipf,
  title={Zipf’s word frequency law in natural language: A critical review and future directions},
  author={Piantadosi, Steven T},
  journal={Psychonomic bulletin \& review},
  volume={21},
  number={5},
  pages={1112--1130},
  year={2014},
  publisher={Springer}
}

@article{newman2005power,
  title={Power laws, Pareto distributions and Zipf's law},
  author={Newman, Mark EJ},
  journal={Contemporary physics},
  volume={46},
  number={5},
  pages={323--351},
  year={2005},
  publisher={Taylor \& Francis}
}

@article{page1999pagerank,
  title={The PageRank citation ranking: bringing order to the web.},
  author={Page, Lawrence and Brin, Sergey and Motwani, Rajeev and Winograd, Terry},
  year={1999},
  publisher={Stanford InfoLab}
}

@inproceedings{haveliwala2002topic,
  title={Topic-sensitive pagerank},
  author={Haveliwala, Taher H},
  booktitle={Proceedings of the 11th international conference on World Wide Web},
  pages={517--526},
  year={2002},
  organization={ACM}
}

@article{pakes1969markov,
  title={Some conditions for ergodicity and recurrence of Markov chains},
  author={Pakes, AG},
  journal={Operations Research},
  volume={17},
  number={6},
  pages={1058--1061},
  year={1969},
  publisher={INFORMS}
}

@inproceedings{arasu2002pagerank,
  title={PageRank computation and the structure of the web: Experiments and algorithms},
  author={Arasu, Arvind and Novak, Jasmine and Tomkins, Andrew and Tomlin, John},
  booktitle={Proceedings of the Eleventh International World Wide Web Conference, Poster Track},
  pages={107--117},
  year={2002}
}